@article{cmip5,
author={Taylor, K. and Stouffer, R. and Meehl, G.},
year=2012,
title={An overview of {CMIP}5 and the experiment design},
journal={Bull. Amer. Meteor. Soc.}, 
volume={93}, 
pages={485-498.}
}

@article{Rueetal2009,
author={Rue, H. and Martino, S. and Chopin, N.},
year=2009, 
title={Approximate {B}ayesian Inference
  for Latent {G}aussian Models Using Integrated Nested {L}aplace Approximations
  (with {D}iscussion)}, 
  journal={Journal of the Royal Statistical Society, Series
  B}, 
  volume={71}, 
  pages={319-392}
  }
  
@book{RobertCasella2004,
author={Robert, C. P. and Casella,G.},
year=2004, 
title={Monte {C}arlo Statistical Methods},
edition={2nd ed.}, 
publisher={Springer}, 
address={New York}
}

@article{Rahmstorf11,
author={Rahmstorf, S. and Perrette, M. and Vermeer, M.},
year= 2011,
title={Testing the robustness of semi-empirical sea level projections},
journal={Climate Dynamics},
volume=39, 
pages={861-875}
}

@article{Rahmstorf07,
author={Rahmstorf, S. },
year=2007,
title={{A} semi-empirical approach to projecting future sea-level rise},
journal={Science},
volume=315, 
pages={368-370}
}

@article{giss,
author={Hansen, J.  and Rued, R. and Sato, M. and Imhoff, M. and Lawrence, W. and Easterling, D. and
Peterson, T. and Karl ,T.},
year=2001,
title={A closer look at {U}nited {S}tates and global surface temperature
  change},
journal={J. Geophys. Res.},
volume=106, 
pages={23947-23963}
}

@article{Guttorp2014,
author={Guttorp, P. and Bolin, D. and Januzzi, A. and Jones, D. and Novak, M. and Podschwit, H. and Richardson, L. and S\"{a}rkk\"{a}, A. and Sowder, C. and Zimmerman, A.},
year=2014, 
title={Assessing the uncertainty in projecting local
mean sea level from global temperature},
journal={Journal of Applied Meteorology and Climatology},
volume={53}, 
pages={2163-2170}
}

@article{Fankhauser&1999,
author={Fankhauser, S. and  Smith, J.B. and Tol, R. S. J.},
year=1999, 
title={Weathering climate change: some simple rules to guide adaptation decisions},
journal={Ecological Economics}, 
volume={30}, 
pages={67-78}
}

@article{csiro,
author={Church, J. and White, N.},
year=2011,
title={Sea-level rise from the late 19th to the early 21st century},
journal={Surveys in Geophysics},
volume= 32, 
pages={585-602}
}

@article{Bolin2014a,
author={D. Bolin and  P. Guttorp and A. Januzzi and M. Novak and H. Podschwit and L. Richardson and C. Sowder and A. S\"{a}rkk\"{a} and A. Zimmerman},
year=2014, 
title={Statistical prediction of global sea level from global temperature},
journal={Statistica Sinica},
volume=25, 
pages={351-367}
}

@book{ipcc,
title={Climate Change 2013: The Physical Science Basis. Contribution of Working Group I  to the {F}ifth {A}ssessment {R}eport of the {I}intergovernmental {P}abel on {C}limate {C}hang
},
year=2013,
author={Stocker, TF and Qin, D. and Plattner, G.-K. and Tignor, M. and Allen, S. K. and Boschung, J. and Nauels, A. and Xia, Y. and Bex, V. and Midgley, P.M.},
publisher={Cambridge University Press},
location={Cambridge}
}


@article{change,
title={The representative concentration pathways: an overview},
author={D. P. van Vuuren and J. Edmonds and M. Kainuma and K. Riahi and
A. Thomson and K. Hibbard and G. C. Hurtt and T. Kram and V. Krey and
J.-F. Lamarque and T. Masui and M. Meinshausen and
N. Nakicenovic and S. J. Smith and S. K. Rose},
journal={Clim. Change}, 
year=2011,
volume= 109,
pages={5-31}
}


